@misc{lamoureux_2006_the,
  author = {Lamoureux, Michael},
  month = {08},
  title = {The Mathematics of PDEs and the Wave Equation},
  url = {https://mathtube.org/sites/default/files/lecture-notes/Lamoureux_Michael.pdf},
  urldate = {2025-04-04},
  year = {2006}
}