@misc{a2021_deep,
  title = {Deep Learning Architecture},
  url = {https://gitee.com/hitsz-cslab/dla#https://gitee.com/hitsz-cslab/dla/tree/master/stupkt},
  urldate = {2025-07-15},
  year = {2021},
  organization = {Gitee.com}
}

@ARTICLE{2018arXiv180503648K,
  author = {{Kastner}, R. and {Matai}, J. and {Neuendorffer}, S.},
  title = "{Parallel Programming for FPGAs}",
  journal = {ArXiv e-prints},
  archivePrefix = "arXiv",
  eprint = {1805.03648},
  keywords = {Computer Science - Hardware Architecture},
  year = 2018,
  month = may
}