@article{Welch_Labs_2025_youtube,
	author	={Welch Labs},
	title	={The Breakthrough Behind Modern AI Image Generators | Diffusion Models Part 1 - YouTube},
	year	={2025},
	url	={https://www.youtube.com/watch?v=1pgiu--4W3I}
}

// DDPM
@article{DBLP:journals/corr/abs-2006-11239,
  author       = {Jonathan Ho and
                  Ajay Jain and
                  Pieter Abbeel},
  title        = {Denoising Diffusion Probabilistic Models},
  journal      = {CoRR},
  volume       = {abs/2006.11239},
  year         = {2020},
  url          = {https://arxiv.org/abs/2006.11239},
  eprinttype    = {arXiv},
  eprint       = {2006.11239},
  timestamp    = {Tue, 23 Jun 2020 17:57:22 +0200},
  biburl       = {https://dblp.org/rec/journals/corr/abs-2006-11239.bib},
  bibsource    = {dblp computer science bibliography, https://dblp.org}
}

// Score-Based Generative Modeling through SDEs
@article{DBLP:journals/corr/abs-2011-13456,
  author       = {Yang Song and
                  Jascha Sohl{-}Dickstein and
                  Diederik P. Kingma and
                  Abhishek Kumar and
                  Stefano Ermon and
                  Ben Poole},
  title        = {Score-Based Generative Modeling through Stochastic Differential Equations},
  journal      = {CoRR},
  volume       = {abs/2011.13456},
  year         = {2020},
  url          = {https://arxiv.org/abs/2011.13456},
  eprinttype    = {arXiv},
  eprint       = {2011.13456},
  timestamp    = {Wed, 02 Dec 2020 10:10:16 +0100},
  biburl       = {https://dblp.org/rec/journals/corr/abs-2011-13456.bib},
  bibsource    = {dblp computer science bibliography, https://dblp.org}
}