@misc{the_2015_what,
  author = {Gere, Azimut},
  month = {01},
  title = {What Is Unique about the Möbius transform?},
  url = {https://math.stackexchange.com/questions/1118976/what-is-unique-about-the-m},
  urldate = {2025-04-21},
  year = {2015},
  organization = {Mathematics Stack Exchange}
}

@article{siliciano_2017_constructing,
  author = {Siliciano, Rob},
  month = {11},
  pages = {8},
  title = {Constructing Mobius Transformations with Spheres},
  urldate = {2025-04-21},
  volume = {13},
  year = {2017},
  journal = {Rose–Hulman Undergraduate Mathematics Journal}
}

@book{tu_2011_an,
  author = {Tu, Loring W},
  publisher = {Springer. C},
  title = {An introduction to manifolds},
  year = {2011}
}