@book{murphy_2012_machine,
  author = {Murphy, Kevin P},
  publisher = {Mit Press},
  title = {Machine Learning : a Probabilistic Perspective},
  year = {2012}
}