@article{szechtman_2005_structure,
  author = {Szechtman, Fernando},
  month = {01},
  title = {Structure of the Group Preserving a Bilinear Form},
  doi = {10.13001/1081-3810.1162},
  urldate = {2025-04-22},
  volume = {13},
  year = {2005},
  journal = {Electronic Journal of Linear Algebra}
}