@book{griffiths_2017_introduction,
  author = {Griffiths, David J},
  month = {06},
  publisher = {Cambridge University Press},
  title = {Introduction to Electrodynamics},
  year = {2017}
}