@book{brunton_2019_datadriven,
  author = {Brunton, Steven L and Jose Nathan Kutz},
  publisher = {Cambridge University Press},
  title = {Data-driven science and engineering : machine learning, dynamical systems, and control},
  year = {2019}
}

@book{karljohanstrm_2021_feedback,
  author = {Karl Johan Åström and Murray, Richard M},
  month = {02},
  publisher = {Princeton University Press},
  title = {Feedback Systems},
  year = {2021}
}

@book{jdavidpowell_2012_feedback,
  author = {J  David Powell},
  publisher = {Pearson Education Limited},
  title = {Feedback control of dynamic systems : international version/matlab & simulink.},
  year = {2012}
}